<record><leader>00000cas a22000007a 4500</leader><controlfield tag="001">10617059</controlfield><controlfield tag="008">840411c18979999inuwn ne      0   a0eng d</controlfield><datafield ind1=" " ind2=" " tag="010"><subfield code="a">sn 84009217 </subfield></datafield><datafield ind1=" " ind2=" " tag="040"><subfield code="a">NSD</subfield><subfield code="b">eng</subfield><subfield code="c">NSD</subfield><subfield code="d">NPI</subfield><subfield code="d">OCLCQ</subfield></datafield><datafield ind1=" " ind2=" " tag="012"><subfield code="m">1</subfield></datafield><datafield ind1="1" ind2=" " tag="022"><subfield code="a">0747-1793</subfield><subfield code="l">0747-1793</subfield><subfield code="2">1</subfield></datafield><datafield ind1=" " ind2=" " tag="032"><subfield code="a">207720</subfield><subfield code="b">USPS</subfield></datafield><datafield ind1=" " ind2=" " tag="037"><subfield code="b">Francesville Tribune, P.O. Box 458, Francesville, IN</subfield></datafield><datafield ind1=" " ind2=" " tag="042"><subfield code="a">nsdp</subfield></datafield><datafield ind1=" " ind2="0" tag="222"><subfield code="a">Francesville tribune</subfield></datafield><datafield ind1="0" ind2="0" tag="245"><subfield code="a">Francesville tribune.</subfield></datafield><datafield ind1=" " ind2=" " tag="260"><subfield code="a">Francesville, Ind. :</subfield><subfield code="b">E.D. Knotts</subfield></datafield><datafield ind1=" " ind2=" " tag="310"><subfield code="a">Weekly (51 issues per year),</subfield><subfield code="b">May 30, 1985-</subfield></datafield><datafield ind1=" " ind2=" " tag="321"><subfield code="a">Weekly,</subfield><subfield code="b">&lt;Mar. 13, 1902&gt;-June 23, 1983</subfield></datafield><datafield ind1=" " ind2=" " tag="321"><subfield code="a">Weekly (except 1st issue in July),</subfield><subfield code="b">June 30, 1983-May 23, 1985</subfield></datafield><datafield ind1="1" ind2=" " tag="362"><subfield code="a">Began in 1897.</subfield></datafield><datafield ind1=" " ind2=" " tag="588"><subfield code="a">Description based on: Vol. 6, no. 16 (Mar. 13, 1902).</subfield></datafield><datafield ind1=" " ind2=" " tag="752"><subfield code="a">United States</subfield><subfield code="b">Indiana</subfield><subfield code="c">Pulaski</subfield><subfield code="d">Francesville.</subfield></datafield><datafield ind1=" " ind2=" " tag="936"><subfield code="a">July 14, 1983</subfield></datafield></record>